
@article{Nozick2001-pd,
  title   = {{Invariances: The Structure of the Objective World}},
  author  = {Nozick, Robert},
  journal = {Harvard University Press},
  pages   = {1 423},
  year    = 2001
}

@book{Narens2007-ty,
  title     = {Introduction to the Theories of Measurement and Meaningfulness
               and the Use of Symmetry in Science},
  author    = {Narens, Louis},
  publisher = {Psychology Press},
  year      = 2007
}


@book{Goodman1955-nr,
  title     = {{Fact, Finction, and Forecast}},
  author    = {Goodman, Nelson},
  publisher = {Harvard University Press},
  year      = 1955
}


@book{Quine1953-yy,
  title    = {From a Logical Point of View: 9 Logico-philosophical Essays},
  author   = {Quine, Van Orman Willard},
  year     = 1953,
  language = {en}
}



@book{Gardenfors2004-vz,
  title     = {Conceptual Spaces: The Geometry of Thought},
  author    = {Gardenfors, Peter},
  publisher = {MIT Press},
  month     = jan,
  year      = 2004,
  language  = {en}
}

@article{Mormann1993-fd,
  title     = {Natural predicates and topological structures of conceptual
               spaces},
  author    = {Mormann, Thomas},
  journal   = {Synthese},
  publisher = {Springer Science and Business Media LLC},
  volume    = 95,
  number    = 2,
  pages     = {219--240},
  month     = may,
  year      = 1993,
  language  = {en}
}


@incollection{Mormann2020-ly,
  title     = {Topological Aspects of Epistemology and Metaphysics},
  booktitle = {Structures M{\`e}res: Semantics, Mathematics, and Cognitive
               Science},
  author    = {Mormann, Thomas},
  editor    = {Peruzzi, Alberto and Zipoli Caiani, Silvano},
  publisher = {Springer International Publishing},
  pages     = {135--152},
  year      = 2020,
  address   = {Cham}
}


@phdthesis{Genin2018-fr,
  title  = {The topology of statistical inquiry},
  author = {Genin, Konstantin},
  year   = 2018
}

@book{Kelly1996-hl,
  title     = {The Logic of Reliable Inquiry},
  author    = {Kelly, Kevin T},
  publisher = {Oxford University Press, USA},
  month     = jan,
  year      = 1996,
  language  = {en}
}


@ARTICLE{Fletcher2022-ve,
  title   = "The introduction of topology into analytic philosophy: two
             movements and a coda",
  author  = "Fletcher, Samuel C and Lackey, Nathan",
  journal = "Synthese",
  volume  =  200,
  number  =  3,
  pages   = "197",
  month   =  may,
  year    =  2022
}

% The entry below contains non-ASCII chars that could not be converted
% to a LaTeX equivalent.
@BOOK{Hashizume1988-lo,
  title     = "はじめての構造主義",
  author    = {橋爪, 大三郎},
  publisher = "講談社現代新書",
  year      =  1988
}


@ARTICLE{Black1952-dz,
  title     = "The Identity of Indiscernibles",
  author    = "Black, Max",
  journal   = "Mind",
  publisher = "[Oxford University Press, Mind Association]",
  volume    =  61,
  number    =  242,
  pages     = "153--164",
  year      =  1952
}
